@misc{Oracle:Twitter,
    author={Oracle},
    title={DidYouKnow there are over 13 billion devices running Java?},
    url={https://twitter.com/Oracle/status/658433772904423424},
    urldate={03.02.20201},
    language={german}
}
@misc{Grey:Bestagons,
    author={CGP Grey},
    title={Hexagons are the Bestagons},
    url={https://www.youtube.com/watch?v=thOifuHs6eY&t=287s&ab_channel=CGPGrey},
    urldate={03.02.2021},
    language={german}
}
@book{Louis:2010,
    author={Dirk Louis},
    title={From Zero 2 Hero Java},
    publisher={Markt+Technik Verlag},
    year={2010},
    ISBN={978-3-8272-4577-9},
    language={german}
}
@misc{Oracle:Java,
    author={Oracle},
    title={What is Java?},
    url={https://www.java.com/en/about/whatis_java.jsp},
    urldate={04.02.2021},
    language={german}
}
@misc{Gray:2017,
    author={Alex Gray},
    title={These charts will change how you see the rise of artificial intelligence},
    url={https://www.weforum.org/agenda/2017/12/charts-artificial-intelligence-ai-index/},
    urldate={04.02.2021},
    language={german}
}
@misc{Github:PYPL,
    author={Github},
    title={PYPL Popularity of Programming Languages},
    url={https://pypl.github.io/PYPL.html},
    urldate={07.02.2021},
    language={german}
}
@book{Python3:Buch,
    author={Johannes Ernesti \& Peter Kaiser},
    title={Python 3 Das umfassende Handbuch},
    publisher={Rheinwerk Computing},
    year={2015},
    ISBN={978-3-8362-3633-1}
}
@misc{JVMS,
    author={Tim Lindholm & Frank Yellin},
    title={The Java Virtual Maschine Specification},
    url={https://www.cs.miami.edu/home/burt/reference/java/language_vm_specification.pdf},
    urldate={06.02.2021},
    language={german}
}
@misc{PythonStyle,
    author={Guido van Rossum & Barry Warsaw & Nick Coghlan},
    title={Style Guide for Python Code},
    url={https://www.python.org/dev/peps/pep-0008/},
    urldate={06.02.2021},
    language={german}
}
@misc{Ims:h-s,
    author={Ims & Fez Vrasta},
    title={What's the name for hyphen-separeted case?},
    url={https://stackoverflow.com/questions/11273282/whats-the-name-for-hyphen-separated-case},
    urldate={06.02.2021},
    language={german}
}
@misc{Microsoft:CapCon,
    author={Microsoft},
    title={Capitalization Conventions},
    url={https://docs.microsoft.com/en-us/dotnet/standard/design-guidelines/capitalization-conventions},
    urldate={06.02.2021},
    language={german}
}
@misc{NRWListe,
    title={Zentralabiturklasse Liste},
    urldate={06.02.2021},
    language={german}
}
@misc{PyCharm,
    author={Jetbrains},
    title={PyCharm},
    url={https://www.jetbrains.com/de-de/company/annualreport/2019/},
    urldate={07.02.2021},
    language={german}
}
@misc{Github:IDE,
    author={Github},
    title={Top IDE index},
    url={https://pypl.github.io/IDE.html},
    urldate={07.02.2021},
    language={german}
}
@misc{gfg,
    author={Guurav Miglani},
    title={GeeksforGeeks Classes and Objects in Java},
    url={https://www.geeksforgeeks.org/classes-objects-java/},
    urldate={07.02.2021},
    language={german}
}
@misc{w3school_len,
    author={w3school},
    title={len()},
    url={https://www.w3schools.com/python/ref_func_len.asp},
    urldate={09.02.2021},
    language={german}
}
@misc{w3school_range,
    author={w3school},
    title={range()},
    url={https://www.w3schools.com/python/ref_func_range.asp},
    urldate={09.02.2021},
    language={german}
}
@misc{chessvar,
    title={Chess variants},
    url={https://books.google.de/books?id=q5e2Inv8pJIC&pg=PA865&lpg=PA865&dq=ISBN+0-904195-00-7.&source=bl&ots=TKmiMTKosi&sig=ACfU3U38U1RtgBobUtiuCSfeFunQ6JrxMA&hl=de&sa=X&ved=2ahUKEwjsxZjiyuTuAhUFyoUKHS_SCVYQ6AEwAnoECAkQAg#v=onepage&q&f=false},
    urldate={12.02.2021},
    language={german}
}
@misc{Gados:Hexagonal,
    author={László Gados},
    title={5th European Championship of Hexagonal Chess},
    url={https://www.chessvariants.com/hexagonal.dir/europ5.html},
    urldate={12.02.2021},
    language={german}
}
@msic{GlinskiHexaChess,
    author={Hans Bodlaender},
    title={Glinski's Hexagonal Chess},
    url={https://www.chessvariants.com/hexagonal.dir/hexagonal.html},
    urldate={12.02.2021},
    language={german}
}
@misc{McCoeeyHexaChess,
    author={Dave McCooey},
    title={Hexagonal Chess},
    url={https://www.chessvariants.com/hexagonal.dir/hexchess2.html},
    urldate={https://www.chessvariants.com/hexagonal.dir/hexchess2.html},
    language={german}
}
@misc{SchafranHexaChess,
    author={I.G. Schafran},
    title={Hexagonal Chess},
    url={http://www.math.bas.bg/~iad/tyalie/shegra/shegrax.html},
    urldate={12.02.2021},
    language={german}
}
@misc{PythonCS,
    author={Christine Schlütz},
    title={Python},
    url={https://www.smartninja.de/blog/6-programmiersprachen-und-deren-anwendungsmoglichkeiten#:~:text=Viele%20ProgrammiererInnen%20bezeichnen%20Python%20als,Machine%20Learning%2C%20Microcontrollers%20und%20mehr},
    urldate={12.02.2021},
    language={german}
}
@misc{values_of_pieces,
    author={Miroslaw Miodonski},
    title={Values of Pieces in Hexagonal Chess},
    url={http://www.mayhematics.com/v/vol1/vc08.pdf},
    urldate={13.02.2021},
    language={german}
}
